@article{gupta2024,
  author = {Gupta, Brij B. and Gaurav, Akshat and Arya, Varsha},
  title = {Secure and Privacy-Preserving Decentralized Federated Learning for Personalized Recommendations in Consumer Electronics Using Blockchain and Homomorphic Encryption},
  journal = {IEEE Transactions on Consumer Electronics},
  year = {2024},
  volume = {70},
  number = {1},
  pages = {2546--2556},
  doi = {10.1109/TCE.2023.3329480},
  issn = {0098-3063}
}

@article{hidayat2024,
  author = {Hidayat, Taufik and Mahardiko, Rahutomo and Pratama, Yudha Purwanto and Mulyanto, Agus and Pham, Quoc-Viet and Huynh-The, Thien},
  title = {A Discrete Fourier Transform Aggregator With Differential Privacy for Federated Learning in Smart Healthcare System},
  journal = {IEEE Access},
  year = {2024},
  volume = {12},
  pages = {105076--105085},
  doi = {10.1109/ACCESS.2024.3433052},
  issn = {2169-3536}
}

@article{maurya2025,
  author = {Maurya, Ankita and Haripriya, Rahul and Pandey, Manish and Choudhary, Jayriok and Pratap Singh, Dhirendra and Solanka, Surendra and Sharma, Diansh},
  title = {Federated Learning for Privacy-Preserving Security-Classification in Healthcare: A Secure Edge-Aggregated Approach},
  journal = {IEEE Access},
  year = {2025},
  volume = {13},
  pages = {102339--102508},
  doi = {10.1109/ACCESS.2025.3464240},
  issn = {2169-3536}
}

@article{kumar2025,
  author = {Kumar, Rajesh and Kumar, Jay and Khan, Abdullah Aman and Za, Ali},
  title = {Blockchain and Homomorphic Encryption Based Privacy-Preserving Model Aggregation for Medical Images},
  journal = {Expert Systems},
  year = {2025},
  volume = {42},
  number = {1},
  pages = {e13537},
  doi = {10.1111/exsy.13537},
  issn = {0266-4720}
}

@article{choudhury2025,
  author = {Choudhury, Ananya and Volmer, Leroy and Martin, Frank and Fijten, Rianne and Wee, Leonard and Dekker, Andre and van Soest, Johan},
  title = {Advancing Privacy-Preserving Health Care Analytics and Implementation of the Personal Health Train: Federated Deep Learning Study},
  journal = {JMIR AI},
  year = {2025},
  volume = {4},
  pages = {e60847},
  doi = {10.2196/60847},
  issn = {2817-1705},
  pmid = {39912580}
}

@article{park2025,
  author = {Park, Soyoung and Lee, Junyoung and Harada, Kaho and Chi, Jeonghee},
  title = {Masking and Homomorphic Encryption-Combined Secure Aggregation for Privacy-Preserving Federated Learning},
  journal = {Electronics},
  year = {2025},
  volume = {14},
  number = {1},
  pages = {177},
  doi = {10.3390/electronics14010177},
  issn = {2079-9292}
}

@article{tian2024,
  author = {Tian, Yuhang and Tan, Zhicheng and Wang, Jianyang and Zhang, Wen and Zhang, Jianhao and Li, Song},
  title = {Robust Decentralized Federated Learning Using One-Shot Cheap and Secure Parameter Transmission},
  journal = {IEEE Internet of Things Journal},
  year = {2024},
  volume = {11},
  number = {10},
  pages = {17807--17819},
  doi = {10.1109/JIOT.2024.3351392},
  issn = {2327-4662}
}

@article{yazdinejad2024,
  author = {Yazdinejad, Abbas and Dehghantanha, Ali and Ray, Saikat},
  title = {AP2FL: Auditable Privacy-Preserving Federated Learning Framework for Electronics in Healthcare},
  journal = {IEEE Transactions on Consumer Electronics},
  year = {2024},
  volume = {70},
  number = {1},
  pages = {2522--2531},
  doi = {10.1109/TCE.2023.3330130},
  issn = {0098-3063}
}

@article{ghazal2025,
  author = {Ghazal, Taher M. and Islam, Shayla and Hasan, Mohammad Kamrul and Abu-Shareha, Ahmad A. and Mokhtar, Umi A. and Khan, M. Attique and Baili, Jamel and Saeed, Ali Q. and Bhatt, Mohammed Wasim and Ahmad, Munir},
  title = {Generative Federated Learning with Small and Large Models in Consumer Electronics for Privacy-Preserving Data Fusion in Healthcare Internet of Things},
  journal = {IEEE Transactions on Consumer Electronics},
  year = {2025},
  volume = {71},
  number = {1},
  pages = {3572629},
  doi = {10.1109/TCE.2025.3572629},
  issn = {0098-3063}
}

@article{wang2023,
  author = {Wang, Wenshuo and Li, Xu and Qiu, Xiuqin and Zhang, Xiang and Brusie, Vladimir and Zhao, Jindong},
  title = {A Comprehensive Smart Healthcare Framework for Sharing Physiological Data},
  journal = {Information Processing & Management},
  year = {2023},
  volume = {60},
  number = {1},
  pages = {103167},
  doi = {10.1016/j.ipm.2022.103167},
  issn = {0306-4573}
}

@article{pati2024,
  author = {Pati, Sarthak and Kumar, Sourav and Varma, Amokh and Edwards, Brandon and Lu, Charles and Qu, Liangqiong and Wang, Justin J. and Lakshminarayanan, Anantharaman and Wang, Shih-han and Sheller, Micah J. and Chang, Ken and Singh, Praveer and Rubin, Daniel L. and Kalpathy-Cramer, Jayashree and Bakas, Spyridon},
  title = {Privacy Preservation for Federated Learning in Health Care},
  journal = {Patterns},
  year = {2024},
  volume = {5},
  number = {7},
  pages = {100974},
  doi = {10.1016/j.patter.2024.100974},
  issn = {2666-3899},
  pmid = {39081667}
}

@article{krishnamoorthy2025,
  author = {Krishnamoorthy, Vaijainthymala and Mahesh},
  title = {Latent Space Projection for Privacy-Preserving AI in Healthcare: Balancing Utility and Compliance},
  journal = {JMIRx Med},
  year = {2025},
  volume = {6},
  pages = {e70100},
  doi = {10.2196/70100},
  issn = {2563-6316}
}

@article{rehman2022,
  author = {Rehman, Abdur and Abbas, Sagheer and Khan, M. A. and Ghazal, Taher M. and Adnan, Khan Muhammad and Mosavi, Amir},
  title = {A Secure Healthcare 5.0 System Based on Blockchain Technology Entangled with Federated Learning Technique},
  journal = {Computers in Biology and Medicine},
  year = {2022},
  volume = {150},
  pages = {106019},
  doi = {10.1016/j.compbiomed.2022.106019},
  issn = {0010-4825}
}